@article{diffie1976new ,
  title={New directions in cryptography},
  author={Diffie and Hellman},
  journal={IEEE Trans. Inform. Theory IT-22},
  pages={644--645},
  year={1976},
  publisher={IEEE}
}

@article{shinde2008faster,
  title={Faster RSA Algorithm for Decryption Using  Chinese Remainder Theorem},
  author={G.N. Shinde and H.S. Fadewar},
  journal={ICCES},
  volume={5},
  number={4},
  pages={255--256},
  year={2008}
}

@article{lenstra1976miller,
  title={Millerâ€™s primality test},
  author={H. W. Lenstra},
  journal={Inform. Process. Lett},
  volume={8},
  number={2},
  pages={86--88},
  year={1976}
}

@article{zhong2000modular,
  title={Modular exponentiation algorithm analysis for energy consumption and performance},
  author={L. Zhong},
  journal={tech. rep.},
  year={2000}
}

@article{nentawe2013data,
  title={Data Encryption and Decryption Using RSA Algorithm in a Network Environment},
  author={Nentawe Y. Goshwe},
  journal={International Journal of Computer Science and Network Security},
  volume={13},
  number={7},
  pages={9--13},
  year={2013}
}

@article{rivest1978a,
  title={A Method for Obtaining Digital Signatures and Public-Key Cryptosystems},
  author={R.L Rivest, A Shamir and L Adleman},
  journal={Communications of the ACM},
  volume={21},
  number={2},
  pages={120--126},
  year={1978}
}

@article{rene2008four,
  title={Four primality testing algorithms},
  author={Rene Schoof},
  journal={Algorithmic Number Theory},
  volume={44},
  year={2008}
}






